@Inproceedings{gunawan2024review,
  title={A review of data security of blockchain applications in social media},
  author={Gunawan, Ali and Richard, Richard and Chang, Sinclair Claus and Shilvi, Shilvi},
  booktitle={AIP Conference Proceedings},
  volume={3026},
  number={1},
  year={2024},
  organization={AIP Publishing},
  doi={10.1063/5.0199772}
}

@Article{baralla2023waste,
  title={Waste management: A comprehensive state of the art about the rise of blockchain technology},
  author={Baralla, Gavina and Pinna, Andrea and Tonelli, Roberto and Marchesi, Michele},
  journal={Computers in Industry},
  volume={145},
  pages={103812},
  year={2023},
  publisher={Elsevier},
  doi={10.1016/j.compind.2022.103812}
}

@Article{rahman2025traceable, 
  title={The Future is Traceable: Integrating Blockchain, Waste Management, and the Circular Economy for Sustainability}, 
  volume={5}, 
  doi={10.63332/joph.v5i9.3310}, 
  author={Rahman, M Abeedur and Chowdhury, Kaushik and Chowdhury, Lutfun Nahar and Mallik, Shuvo Kumar and Nova, Noushin Akhter}, 
  year={2025}, 
  month=sep,
  pages={229-248} 
}

@article{bathaei2025blockchain,
  title={Blockchain-enabled circular economy: Rethinking waste management in global manufacturing},
  author={Bathaei, Ahmad and Bahramimianrood, Bahador and Awang, Siti Rahmah},
  journal={Transformations and Sustainability},
  volume={1},
  number={2},
  pages={118--131},
  year={2025},
  doi={10.63775/1xwx6s13}
}

@Article{bulkowska2023implementation,
  title={Implementation of Blockchain Technology in Waste Management},
  author={Bu{\l}kowska, Katarzyna and Zieli{\'n}ska, Magdalena and Bu{\l}kowski, Maciej},
  journal={Energies},
  volume={16},
  number={23},
  pages={7742},
  year={2023},
  publisher={MDPI},
  doi={10.3390/en16237742}
}

@article{wong2024enhancing,
  title={Enhancing supply chain traceability through blockchain and IoT integration: A comprehensive review},
  author={Wong, Elton Kee Sheng and Ting, Huong Yong and Atanda, Abdulwahab Funsho},
  journal={Green Intelligent Systems and Applications},
  volume={4},
  number={1},
  pages={11--28},
  year={2024},
  doi={10.53623/gisa.v4i1.355}
}

@Article{alnuaimi2023blockchain,
  title={Blockchain-based system for tracking and rewarding recyclable plastic waste},
  author={Alnuaimi, Eiman and Alsafi, Mariam and Alshehhi, Maitha and Debe, Mazin and Salah, Khaled and Yaqoob, Ibrar and Zemerly, M Jamal and Jayaraman, Raja},
  journal={Peer-to-Peer Networking and Applications},
  volume={16},
  number={1},
  pages={328--346},
  year={2023},
  publisher={Springer},
  doi={10.1007/s12083-022-01413-5}
}

@Article{castiglione2023framework,
  title={A framework for achieving a circular economy using the blockchain technology in a sustainable waste management system},
  author={Castiglione, Aniello and Cimmino, Lucia and Di Nardo, Mario and Murino, Teresa},
  journal={Computers \& Industrial Engineering},
  volume={180},
  pages={109263},
  year={2023},
  publisher={Elsevier},
  doi={10.1016/j.cie.2023.109263}
}

@Article{BISWAS2023128,
  title = {Traceability vs. sustainability in supply chains: The implications of blockchain},
  journal = {European Journal of Operational Research},
  volume = {305},
  number = {1},
  pages = {128-147},
  year = {2023},
  issn = {0377-2217},
  doi = {10.1016/j.ejor.2022.05.034},
  author = {Debajyoti Biswas and Hamed Jalali and Amir H. Ansaripoor and Pietro {De Giovanni}},
  keywords = {Quality management, Blockchain, Supply chain, Sustainability, Game theory},
}

@Article{torres2022tendencias,
  title={Las tendencias en el uso del blockchain en el {\'a}rea de la cadena de suministro},
  author={Torres Castro, Juan Esteban and Mar{\'\i}n Agudelo, Paula Valentina},
  publisher={Negocios Internacionales},
  url={https://hdl.handle.net/20.500.12495/10594},
  year={2022},
}

// Blockchain glossary

@Article{rennock2018blockchain,
  title={Blockchain technology and regulatory investigations},
  author={Rennock, Michael JW and Cohn, Alan and Butcher, Jared R},
  journal={Practical Law Litigation},
  volume={1},
  pages={35--44},
  year={2018}
}

@Inproceedings{diaz2022protocolos,
  title={Protocolos de consenso},
  author={D{\'\i}az, Francisco Javier and Tugnarelli, M{\'o}nica Diana and Fornaroli, Mauro F},
  booktitle={XXIV Workshop de Investigadores en Ciencias de la Computaci{\'o}n (WICC 2022, Mendoza)},
  year={2022},
  url={https://sedici.unlp.edu.ar/handle/10915/144937},
}

@Misc{satoshi2008bitcoin,
  author   = {Nakamoto, Satoshi},
  title    = {Bitcoin: A Peer-to-Peer Electronic Cash System},
  year     = {2008},
  month    = oct,
  url      = {https://bitcoin.org/bitcoin.pdf},
  note     = {Original Bitcoin whitepaper}
}

@Article{tripathi2023comprehensive,
  title={A comprehensive review of blockchain technology: Underlying principles and historical background with future challenges},
  author={Tripathi, Gautami and Ahad, Mohd Abdul and Casalino, Gabriella},
  journal={Decision Analytics Journal},
  volume={9},
  pages={100344},
  year={2023},
  publisher={Elsevier},
  doi={10.1016/j.dajour.2023.100344}
}

@Article{bartolomeo2020introduccion,
  title={Introducci{\'o}n a la tecnolog{\'\i}a blockchain: su impacto en las Ciencias Econ{\'o}micas},
  author={Bartolomeo, Alejandro and Machin Urbay, Gustavo},
  journal={Ponencia presentada en Jornadas de Ciencias Econ{\'o}micas. Buenos Aires},
  volume={7},
  number={8},
  year={2020},
  url={https://bdigital.uncu.edu.ar/fichas.php?idobjeto=15304}
}

@Article{diez2023web,
  title={Web 3.0 y Blockchain en la Educaci{\'o}n Secundaria},
  author={D{\'\i}ez Arias, Alberto and others},
  year={2023},
  url={https://uvadoc.uva.es/handle/10324/63058}
}

@Article{sunny2022systematic,
  title={A systematic review of blockchain applications},
  author={Sunny, Farhana Akter and Hajek, Petr and Munk, Michal and Abedin, Mohammad Zoynul and Satu, Md Shahriare and Efat, Md Iftekharul Alam and Islam, Md Jahidul},
  journal={Ieee Access},
  volume={10},
  pages={59155--59177},
  year={2022},
  publisher={IEEE},
  doi={10.1109/ACCESS.2022.3179690}
}

@Article{verma2023overview,
  title={An overview of Blockchain Technology: Past \& Future},
  author={Verma, Varun},
  journal={Eduzone: International Peer Reviewed/Refereed Multidisciplinary Journal},
  volume={12},
  number={1},
  pages={100--104},
  year={2023},
  url={https://www.eduzonejournal.com/index.php/eiprmj/article/view/262}
}

@Article{vaigandla2023review,
  title={Review on blockchain technology: architecture, characteristics, benefits, algorithms, challenges and applications},
  author={Vaigandla, Karthik Kumar and Karne, RadhaKrishna and Siluveru, Mounika and Kesoju, Madhavi},
  journal={Mesopotamian Journal of CyberSecurity},
  volume={2023},
  pages={73--84},
  year={2023},
  doi={10.58496/MJCS/2023/012}
}

@Article{taherdoost2023smart,
  title={Smart contracts in blockchain technology: A critical review},
  author={Taherdoost, Hamed},
  journal={Information},
  volume={14},
  number={2},
  pages={117},
  year={2023},
  publisher={MDPI},
  doi={10.3390/info14020117}
}

@Article{kalajdjieski2023databases,
  title={Databases fit for blockchain technology: A complete overview},
  author={Kalajdjieski, Jovan and Raikwar, Mayank and Arsov, Nino and Velinov, Goran and Gligoroski, Danilo},
  journal={Blockchain: Research and Applications},
  volume={4},
  number={1},
  pages={100116},
  year={2023},
  publisher={Elsevier},
  doi={10.1016/j.bcra.2022.100116}
}

@Article{sharabati2024blockchain,
  title={Blockchain technology implementation in supply chain management: a literature review},
  author={Sharabati, Abdel-Aziz Ahmad and Jreisat, Elias Radi},
  journal={Sustainability},
  volume={16},
  number={7},
  pages={2823},
  year={2024},
  publisher={MDPI},
  doi={10.3390/su16072823}
}

@Article{rejeb2023role,
  title={The role of blockchain technology in the transition toward the circular economy: Findings from a systematic literature review},
  author={Rejeb, Abderahman and Appolloni, Andrea and Rejeb, Karim and Treiblmaier, Horst and Iranmanesh, Mohammad and Keogh, John G},
  journal={Resources, Conservation \& Recycling Advances},
  volume={17},
  pages={200126},
  year={2023},
  publisher={Elsevier},
  doi={10.1016/j.rcradv.2022.200126}
}

// Introduction: motivation

@Article{pelegri2021ipcc,
  title={Informe IPCC: Certezas e incertidumbres sobre el cambio clim{\'a}tico},
  author={Pelegr{\'\i}, Josep Llu{\'\i}s},
  year={2021},
  url={http://hdl.handle.net/10261/261038}
}

@Article{dormido2022cambio,
  title={El cambio clim{\'a}tico y la sostenibilidad del crecimiento: iniciativas internacionales y pol{\'\i}ticas europeas},
  author={Dormido, Leonor and Garrido, Isabel and L'Hotellerie-Fallois, Pilar and Santill{\'a}n Fraile, Javier},
  journal={Documentos Ocasionales/Banco de Espa{\~n}a, 2213},
  year={2022},
  publisher={Banco de Espa{\~n}a},
  url={https://repositorio.bde.es/handle/123456789/22528}
}

@Book{IPCC2022,
  editor = {H.-O. Pörtner and D.C. Roberts and E.S. Poloczanska and K. Mintenbeck and M. Tignor and A. Alegría and M. Craig and S. Langsdorf and S. Löschke and V. Möller and A. Okem and B. Rama},
  title = {Climate Change 2022: Impacts, Adaptation, and Vulnerability. Contribution of Working Group II to the Sixth Assessment Report of the Intergovernmental Panel on Climate Change},
  year = {2022},
  publisher = {Cambridge University Press},
  note = {In Press},
  doi = {10.1017/9781009325844}
}

@Book{clima2022book,
  title={Clima},
  author={Arroyo, J. I. and Marchini, T. and González, F. and Ulla, T. and Arrieta, E. and Vera, C. and Sancisi, Á. and Aneise, A. J. and Feole, M. and Gutman, M. and Peire, M. and Renner, M. and Marque, F. and Borzone, D. and Tenembaum, G. and Eggel, M. L. and Bulnes, P. and Rodríguez, B. and Garrido, J. M. and González, P. and Sendra, G. and Balian, J. C. and Kakefuku Del Solar, B.},
  year={2022},
  publisher={El gato y la caja},
  isbn={9789874863812},
  url={https://elgatoylacaja.com/libros/clima},
  urldate={2025-09-20}
}

// Economía circular

@Online{ellenmacarthurfoundation2022,
  title={What is a circular economy?},
  author={{Ellen MacArthur Foundation}},
  url={https://www.ellenmacarthurfoundation.org/topics/circular-economy-introduction/overview},
  year={2014},
  urldate={2025-09-20}
}

@Article{melendez2021economia,
  title={Econom{\'\i}a Circular: Una Revisi{\'o}n desde los Modelos de Negocios y la Responsabilidad Social Empresarial},
  author={Melendez, Jesus R and Delgado, Jorge Luis and Chero, V{\'\i}ctor and Rodr{\'\i}guez, John Franco},
  journal={Revista Venezolana de Gerencia: RVG},
  volume={26},
  number={6},
  pages={560--573},
  year={2021},
  publisher={Universidad del Zulia},
  doi={10.52080/rvgluz.26.e6.34}
}

@Article{da2022economia,
  title={La Econom{\'\i}a Circular como eje de desarrollo de los pa{\'\i}ses latinoamericanos},
  author={Da Costa Pimenta, Clayson Cosme},
  journal={Revista Econom{\'\i}a y Pol{\'\i}tica},
  number={35},
  pages={1--18},
  year={2022},
  publisher={Universidad de Cuenca},
  doi={10.25097/rep.n35.2022.01}
}

@Article{cerda2016economia,
  title={Econom{\'\i}a circular},
  author={Cerd{\'a}, Emilio and Khalilova, Aygun},
  journal={Econom{\'\i}a industrial},
  volume={401},
  number={3},
  pages={11--20},
  year={2016},
  issn={0422-2784},
  url={https://dialnet.unirioja.es/servlet/articulo?codigo=5771932},
  urldate={2025-09-20}
}

@Online{espanacircular2030,
  title={España Circular 2030: Estrategia Española de Economía Circular},
  author={{Ministerio para la Transición Ecológica y el Reto Demográfico (MITECO)}},
  url={https://www.miteco.gob.es/es/calidad-y-evaluacion-ambiental/temas/economia-circular/estrategia.html},
  year={2023},
  urldate={2025-09-20}
}

// International Policies 

@Article{rodriguez2023modelamiento,
  title={Modelamiento de los efectos macroecon{\'o}micos de la transici{\'o}n a la econom{\'\i}a circular en Am{\'e}rica Latina: Los casos de Chile, Colombia, M{\'e}xico y el Per{\'u}},
  author={Rodr{\'\i}guez, {\'O}scar and Rudas Lleras, Guillermo and Nieves, Erika and Roa, Juli{\'a}n and Rivera, Mar{\'\i}a Paula},
  year={2023},
  publisher={CEPAL},
  url={https://hdl.handle.net/11362/48751}
}

@Article{gil2018objetivos,
  title={Objetivos de Desarrollo Sostenible (ODS): una revisi{\'o}n cr{\'\i}tica},
  author={Gil, Carlos G{\'o}mez},
  journal={Papeles de relaciones ecosociales y cambio global},
  number={140},
  pages={107--118},
  year={2018},
  publisher={FUHEM Ecosocial},
  ISSN={1888-0576},
  url={https://dialnet.unirioja.es/servlet/articulo?codigo=6312616},
  urldate={2025-09-20}
}

@Online{onu2024ods,
  title={Objetivos de Desarrollo Sostenible},
  author={{ONU}},
  url={https://www.un.org/sustainabledevelopment/es/objetivos-de-desarrollo-sostenible/},
  year={2015},
  urldate={2025-09-20}
}

@Article{sostenible2021argentina,
  author          = {{Ministerio de Ambiente y Desarrollo Sostenible}},
  title           = {Estrategia Nacional de Consumo y Producción Sostenibles},
  year            = {2021},
  url             = {https://www.argentina.gob.ar/sites/default/files/encps_1.pdf},
  urldate         = {2025-09-20}
}

@Article{cepal2021economia,
  title={Econom{\'\i}a circular en Am{\'e}rica Latina y el Caribe: oportunidad para una recuperaci{\'o}n transformadora},
  author={{CEPAL, NU}},
  year={2021},
  publisher={CEPAL},
  url={https://hdl.handle.net/11362/47309}
}

@article{picuno2025potential,
  title={The potential of Deposit Refund Systems in closing the plastic beverage bottle loop: A review},
  author={Picuno, Caterina and Gerassimidou, Spyridoula and You, Weimu and Martin, Olwenn and Iacovidou, Eleni},
  journal={Resources, Conservation and Recycling},
  volume={212},
  pages={107962},
  year={2025},
  publisher={Elsevier},
  doi={10.1016/j.resconrec.2024.107962}
}

@phdthesis{de2020sustainability,
  title={Sustainability of the German Deposit system: Case study in Berlin},
  author={De Bellis, Arianna},
  year={2020},
  school={Politecnico di Torino},
  url={http://webthesis.biblio.polito.it/id/eprint/13778}
}

// Technologies

@Inproceedings{androulaki2018hyperledger,
  title={Hyperledger fabric: a distributed operating system for permissioned blockchains},
  author={Androulaki, Elli and Barger, Artem and Bortnikov, Vita and Cachin, Christian and Christidis, Konstantinos and De Caro, Angelo and Enyeart, David and Ferris, Christopher and Laventman, Gennady and Manevich, Yacov and others},
  booktitle={Proceedings of the thirteenth EuroSys conference},
  pages={1--15},
  year={2018},
  doi={10.1145/3190508.3190538}
}

@Article{buterin2013ethereum,
  title={Ethereum white paper},
  author={Buterin, Vitalik},
  year={2014},
  url={https://ethereum.org/content/whitepaper/whitepaper-pdf/Ethereum_Whitepaper_-_Buterin_2014.pdf},
  urldate={2025-09-20}
}

@Article{wood2016polkadot,
  title={Polkadot: Vision for a heterogeneous multi-chain framework},
  author={Wood, Gavin},
  journal={White paper},
  volume={21},
  number={2327},
  pages={4662},
  year={2016},
  url={https://assets.polkadot.network/Polkadot-whitepaper.pdf},
  urldate={2025-09-20}
}

@Article{hoskinson2017we,
  title={Why we are building Cardano},
  author={Hoskinson, Charles},
  journal={IOHK},
  urldate={2025-09-20},
  year={2017},
  url={https://why.cardano.org/en/introduction/motivation/}
}

// Traceability

@Article{schuitemaker2020product,
  title = {Product traceability in manufacturing: A technical review},
  journal = {Procedia CIRP},
  volume = {93},
  pages = {700-705},
  year = {2020},
  note = {53rd CIRP Conference on Manufacturing Systems 2020},
  issn = {2212-8271},
  doi = {10.1016/j.procir.2020.04.078},
  author = {Reuben Schuitemaker and Xun Xu},
  keywords = {Traceability, Data Matrix, Framework, Manufacturing, Microelectronics, Direct Part Marking, Industry 4.0, Smart Manufacturing},
}

// Vidrio

@Article{prodvidrio2024verallia,
  title={Proceso de fabricaci{\'o}n del vidrio},
  author={{Verallia Iberia}},
  url={https://es.verallia.com/s/proceso-de-fabricacion-del-vidrio?language=es},
  year={2025},
  urldate={2025-09-20}
}

@Article{vidriotransparente2024mendoza,
  title={Vidrio, una acción transparente},
  author={{Verallia Argentina}},
  url={https://ar.verallia.com/s/vidrio-une-accion-transparente?language=es_AR},
  year={2025},
  urldate={2025-09-20}
}

@Article{verallia2022whitebook,
  title={Reimagining reuse for the circular economy of glass: Stakeholder Perspectives Series},
  author={{Verallia}},
  url={https://www.verallia.com/re-use/en/publication/contents/templates/VERALLIA_WHITE-BOOK_EN.pdf},
  urldate={2025-09-20},
  year={2022}
}

@Misc{innovar2024vidrio,
  title        = {El vidrio ya tiene su planta de reciclaje en la Argentina},
  author       = {{Innovar Sustentabilidad}},
  year         = {2022},
  note         = {Descripción del programa de reciclaje de vidrio a domicilio en San Isidro con la organización Reciqlo},
  url          = {https://www.innovar-sustentabilidad.com/el-vidrio-ya-tiene-su-planta-de-reciclaje-en-la-argentina/},
  urldate      = {2025-09-20}
}

// Plastic 

@Article{sandhiya2020investigating,
  title={Investigating the applicability of blockchain technology and ontology in plastics recycling by the adoption of ZERO plastic model},
  author={Sandhiya, R and Ramakrishna, Seeram},
  journal={Materials Circular Economy},
  volume={2},
  pages={1--12},
  year={2020},
  publisher={Springer},
  doi={10.1007/s42824-020-00013-z}
}

@Article{bhubalan2022blockchain,
  title = {Leveraging blockchain concepts as watermarkers of plastics for sustainable waste management in progressing circular economy},
  journal = {Environmental Research},
  volume = {213},
  pages = {113631},
  year = {2022},
  issn = {0013-9351},
  doi = {10.1016/j.envres.2022.113631},
  author = {Kesaven Bhubalan and Arularasu Muthaliar Tamothran and Seng Hon Kee and Shin Ying Foong and Su Shiung Lam and Keisheni Ganeson and Sevakumaran Vigneswari and Al-Ashraf Amirul and Seeram Ramakrishna},
  keywords = {Blockchain technology, Plastic circular economy, Waste management, Sustainability},
}

// Apps 

@Online{circularise2024,
  author = {{Circularise}},
  title = {Integrations},
  year={2025},
  urldate={2025-09-20},
  url = {https://www.circularise.com/feature/integrations},
  howpublished = {Sitio web}
}

@Online{circulor2024,
  title = {Circulor},
  year = {2025},
  urldate={2025-09-20},
  url = {https://www.circulor.com/about-us},
  howpublished = {Sitio web}
}

@Misc{colmena2024,
  title={Colmena},
  url={https://www.colmenaproject.io/en#services},
  urldate={2025-09-20},
  year={2024}
}

@Misc{greenlypoints2024,
  title={Greenly Points},
  url={https://maipu.gob.ar/maipu-estrena-su-innovador-punto-de-ecocanje-en-el-edificio-municipal/},
  urldate={2025-09-20},
  year={2024}
}

@Misc{reciclos2024,
  title={Reciclos},
  url={https://www.ecoembes.com/es/el-proceso-del-reciclaje-de-envases/reciclos},
  urldate={2025-09-20},
  year={2024}
}

@Misc{signeblock2024,
  author = {{Signeblock}},
  title = {Soluciones de valor para la transformación digital de las empresas},
  howpublished = {Sitio web},
  year = {2024},
  url = {https://www.signeblock.com/trazabilidad-blockchain-so-5-es},
  urldate = {2025-09-20},
  publisher = {Signeblock}
}

// Methodologies

@Article{alaidaros2021kanban,
  title={The state of the art of agile kanban method: challenges and opportunities},
  author={Alaidaros, Hamzah and Omar, Mazni and Romli, Rohaida},
  journal={Independent Journal of Management \& Production},
  volume={12},
  number={8},
  pages={2535--2550},
  year={2021},
  doi={10.14807/ijmp.v12i8.1482}
}

@Book{pressman2010ingenieria,
  title={Ingenier{\'\i}a de software: Un enfoque pr{\'a}ctico},
  author={Pressman, Roger S},
  volume={7},
  year={2010},
  isbn={9786071503145}
}

// ---- Unused entries (DO NOT SEARCH DOI) ---- //

@Article{tang2024statistical,
  title={A Statistical Study Based on the Top 50 Blockchain Companies Analyzing the Current Development of Blockchain Applications},
  author={Tang, Yuchen},
  journal={Highlights in Business, Economics and Management},
  volume={24},
  pages={622--629},
  year={2024}
}

@Article{nguyen2024generative,
  title={Generative AI-enabled Blockchain Networks: Fundamentals, Applications, and Case Study},
  author={Nguyen, Cong T and Liu, Yinqiu and Du, Hongyang and Hoang, Dinh Thai and Niyato, Dusit and Nguyen, Diep N and Mao, Shiwen},
  journal={arXiv preprint arXiv:2401.15625},
  year={2024},
  doi={10.48550/arXiv.2401.15625}
}

@Inproceedings{mohd2023voting,
  title={E-Voting Blockchain: Enhancing The Security And Transparency Of Digital Voting},
  author={Mohd, Siti Fatimah Az Zahra Binti and Su, Goh Eg and Zakaria, Noor Hidayah and others},
  booktitle={2023 3rd International Conference on Intelligent Cybernetics Technology \& Applications (ICICyTA)},
  pages={369--374},
  year={2023},
  organization={IEEE}
}

@Article{ahmed2024innovative,
  title={Innovative Approaches To Sustainable Supply Chain Management In The Manufacturing Industry: A Systematic Literature Review},
  author={Ahmed, Hasib and Al Bashar, Mahboob and Taher, Md Abu and Rahman, Md Ashiqur},
  journal={Global Mainstream Journal of Innovation, Engineering \& Emerging Technology},
  volume={3},
  number={02},
  pages={01--13},
  year={2024}
}

@Article{reyes2022ipcc,
  title={Sexto informe de evaluaci{\'o}n del IPCC: cambio clim{\'a}tico 2022 (impactos, adaptaci{\'o}n y vulnerabilidad)},
  author={Reyes, Vivian Roc{\'\i}o Olarte and Arenas, Mar{\'\i}a Ang{\'e}lica and others},
  year={2022},
  publisher={Unidad Nacional para la Gesti{\'o}n del Riesgo de Desastres, Reducci{\'o}n del Riesgo}
}

@Article{circular2017economia, 
  title={Econom{\'\i}a circular}, 
  author={{Fundaci{\'o}n Econom{\'\i}a Circular}}, 
  journal={Apoyar el cambio hacia una econom{\'\i}a eficiente en el uso de los recursos}, 
  year={2017} 
}

@Inproceedings{she2022vechain,
  title={Vechain: A renovation of supply chain management—A look into its organization, current activity, and prospect},
  author={She, Zongda},
  booktitle={Proceedings of the 2022 International Conference on Educational Informatization, E-commerce and Information System, Macao, China},
  pages={29--30},
  year={2022}
}

@Book{dannen2017introducing,
  title={Introducing Ethereum and solidity},
  author={Dannen, Chris},
  volume={1},
  year={2017},
  publisher={Springer},
  doi={10.1007/978-1-4842-2535-6}
}

@Misc{chakravarty2019functional,
  title={Functional blockchain contracts},
  author={Chakravarty, Manuel and Kireev, Roman and MacKenzie, Kenneth and McHale, Vanessa and M{\"u}ller, Jann and Nemish, Alexander and Nester, Chad and Jones, Michael Peyton and Thompson, Simon and Valentine, Rebecca and others},
  year={2019},
  publisher={Technical report, IOHK}
}

@Book{christopher2016logistics,
  title={Logistics \& Supply Chain Management},
  author={Christopher, M.},
  isbn={9781292083797},
  lccn={2015050287},
  series={Always learning},
  url={https://books.google.com.ar/books?id=vWNxjgEACAAJ},
  year={2016},
  publisher={Pearson Education}
}
@Book{cepeda2010trazabilidad,
  title={Trazabilidad},
  year={2010},
  author={Cepeda, R.P.},
  url={https://books.google.com.ar/books?id=MpWU3XmQBNgC},
  publisher={Revista ReCiTeIA}
}

@Article{leon2020ventajas,
  title={Ventajas del uso de sistemas de trazabilidad electr{\'o}nica en procesos de manufactura},
  author={Le{\'o}n-Duarte, Jaime A and Re-I{\~n}iguez, Blanca M and Romero-Dessens, Luis F},
  journal={Informaci{\'o}n tecnol{\'o}gica},
  volume={31},
  number={1},
  pages={237--244},
  year={2020},
  publisher={SciELO Chile}
}

@Online{closetheglassloop2020ue,
  title={Close the Glass Loop},
  author={{The European Container Glass Federation}},
  url={https://closetheglassloop.eu/about-us/},
  year={2020},
  urldate={2025-09-20}
}

@Online{cordoba2024vidrio,
  author       = {{Municipalidad de Tránsito}},
  title        = {Proyecto de recolección de ridrio: "Vidrio sí, gracias!"},
  year         = {2024},
  url          = {https://www.transito.gob.ar/blog/74-proyecto-de-recoleccion-de-ridrio-vidrio-si-gracias},
  urldate      = {2025-09-20},
  note         = {Iniciativa de reciclaje de vidrio llevada a cabo en Córdoba para mejorar el manejo de residuos y fomentar la conciencia ambiental.}
}

@Article{liu2021plastic,
  title={Plastic credit: A consortium blockchain-based plastic recyclability system},
  author={Liu, Chao and Zhang, Xiaoshuai and Medda, Francesca},
  journal={Waste Management},
  volume={121},
  pages={42--51},
  year={2021},
  publisher={Elsevier},
  doi={10.1016/j.wasman.2020.11.045}
}
