@article{tang2024statistical,
  title={A Statistical Study Based on the Top 50 Blockchain Companies Analyzing the Current Development of Blockchain Applications},
  author={Tang, Yuchen},
  journal={Highlights in Business, Economics and Management},
  volume={24},
  pages={622--629},
  year={2024}
}

@article{nguyen2024generative,
  title={Generative AI-enabled Blockchain Networks: Fundamentals, Applications, and Case Study},
  author={Nguyen, Cong T and Liu, Yinqiu and Du, Hongyang and Hoang, Dinh Thai and Niyato, Dusit and Nguyen, Diep N and Mao, Shiwen},
  journal={arXiv preprint arXiv:2401.15625},
  year={2024}
}


@inproceedings{gunawan2024review,
  title={A review of data security of blockchain applications in social media},
  author={Gunawan, Ali and Richard, Richard and Chang, Sinclair Claus and Shilvi, Shilvi},
  booktitle={AIP Conference Proceedings},
  volume={3026},
  number={1},
  year={2024},
  organization={AIP Publishing}
}

@article{baralla2023waste,
  title={Waste management: A comprehensive state of the art about the rise of blockchain technology},
  author={Baralla, Gavina and Pinna, Andrea and Tonelli, Roberto and Marchesi, Michele},
  journal={Computers in Industry},
  volume={145},
  pages={103812},
  year={2023},
  publisher={Elsevier}
}

@inproceedings{mohd2023voting,
  title={E-Voting Blockchain: Enhancing The Security And Transparency Of Digital Voting},
  author={Mohd, Siti Fatimah Az Zahra Binti and Su, Goh Eg and Zakaria, Noor Hidayah and others},
  booktitle={2023 3rd International Conference on Intelligent Cybernetics Technology \& Applications (ICICyTA)},
  pages={369--374},
  year={2023},
  organization={IEEE}
}

@article{bulkowska2023implementation,
  title={Implementation of Blockchain Technology in Waste Management},
  author={Bu{\l}kowska, Katarzyna and Zieli{\'n}ska, Magdalena and Bu{\l}kowski, Maciej},
  journal={Energies},
  volume={16},
  number={23},
  pages={7742},
  year={2023},
  publisher={MDPI}
}

@article{alnuaimi2023blockchain,
  title={Blockchain-based system for tracking and rewarding recyclable plastic waste},
  author={Alnuaimi, Eiman and Alsafi, Mariam and Alshehhi, Maitha and Debe, Mazin and Salah, Khaled and Yaqoob, Ibrar and Zemerly, M Jamal and Jayaraman, Raja},
  journal={Peer-to-Peer Networking and Applications},
  volume={16},
  number={1},
  pages={328--346},
  year={2023},
  publisher={Springer}
}

@article{castiglione2023framework,
  title={A framework for achieving a circular economy using the blockchain technology in a sustainable waste management system},
  author={Castiglione, Aniello and Cimmino, Lucia and Di Nardo, Mario and Murino, Teresa},
  journal={Computers \& Industrial Engineering},
  volume={180},
  pages={109263},
  year={2023},
  publisher={Elsevier}
}

@article{ahmed2024innovative,
  title={Innovative Approaches To Sustainable Supply Chain Management In The Manufacturing Industry: A Systematic Literature Review},
  author={Ahmed, Hasib and Al Bashar, Mahboob and Taher, Md Abu and Rahman, Md Ashiqur},
  journal={Global Mainstream Journal of Innovation, Engineering \& Emerging Technology},
  volume={3},
  number={02},
  pages={01--13},
  year={2024}
}

@article{BISWAS2023128,
title = {Traceability vs. sustainability in supply chains: The implications of blockchain},
journal = {European Journal of Operational Research},
volume = {305},
number = {1},
pages = {128-147},
year = {2023},
issn = {0377-2217},
doi = {https://doi.org/10.1016/j.ejor.2022.05.034},
url = {https://www.sciencedirect.com/science/article/pii/S0377221722004076},
author = {Debajyoti Biswas and Hamed Jalali and Amir H. Ansaripoor and Pietro {De Giovanni}},
keywords = {Quality management, Blockchain, Supply chain, Sustainability, Game theory},
}

@article{alnuaimi2023blockchain,
  title={Blockchain-based system for tracking and rewarding recyclable plastic waste},
  author={Alnuaimi, Eiman and Alsafi, Mariam and Alshehhi, Maitha and Debe, Mazin and Salah, Khaled and Yaqoob, Ibrar and Zemerly, M Jamal and Jayaraman, Raja},
  journal={Peer-to-Peer Networking and Applications},
  volume={16},
  number={1},
  pages={328--346},
  year={2023},
  publisher={Springer}
}

@article{torres2022tendencias,
  title={Las tendencias en el uso del blockchain en el {\'a}rea de la cadena de suministro},
  author={Torres Castro, Juan Esteban and Mar{\'\i}n Agudelo, Paula Valentina},
  publisher={Negocios Internacionales},
  url={https://hdl.handle.net/20.500.12495/10594},
  year={2022},
}

// Blockchain glossary

@article{rennock2018blockchain,
  title={Blockchain technology and regulatory investigations},
  author={Rennock, Michael JW and Cohn, Alan and Butcher, Jared R},
  journal={Practical Law Litigation},
  volume={1},
  pages={35--44},
  year={2018}
}

@inproceedings{diaz2022protocolos,
  title={Protocolos de consenso},
  author={D{\'\i}az, Francisco Javier and Tugnarelli, M{\'o}nica Diana and Fornaroli, Mauro F},
  booktitle={XXIV Workshop de Investigadores en Ciencias de la Computaci{\'o}n (WICC 2022, Mendoza)},
  year={2022}
}

// Introduction: motivation

@article{pelegri2021ipcc,
  title={Informe IPCC: Certezas e incertidumbres sobre el cambio clim{\'a}tico},
  author={Pelegr{\'\i}, Josep Llu{\'\i}s},
  year={2021}
}

@article{reyes2022ipcc,
  title={Sexto informe de evaluaci{\'o}n del IPCC: cambio clim{\'a}tico 2022 (impactos, adaptaci{\'o}n y vulnerabilidad)},
  author={Reyes, Vivian Roc{\'\i}o Olarte and Arenas, Mar{\'\i}a Ang{\'e}lica and others},
  year={2022},
  publisher={Unidad Nacional para la Gesti{\'o}n del Riesgo de Desastres, Reducci{\'o}n del Riesgo}
}

@article{dormido2022cambio,
  title={El cambio clim{\'a}tico y la sostenibilidad del crecimiento: iniciativas internacionales y pol{\'\i}ticas europeas},
  author={Dormido, Leonor and Garrido, Isabel and L'Hotellerie-Fallois, Pilar and Santill{\'a}n Fraile, Javier},
  journal={Documentos Ocasionales/Banco de Espa{\~n}a, 2213},
  year={2022},
  publisher={Banco de Espa{\~n}a}
}

@book{IPCC2022,
  editor = {H.-O. Pörtner and D.C. Roberts and E.S. Poloczanska and K. Mintenbeck and M. Tignor and A. Alegría and M. Craig and S. Langsdorf and S. Löschke and V. Möller and A. Okem and B. Rama},
  title = {Climate Change 2022: Impacts, Adaptation, and Vulnerability. Contribution of Working Group II to the Sixth Assessment Report of the Intergovernmental Panel on Climate Change},
  year = {2022},
  publisher = {Cambridge University Press},
  note = {In Press}
}

@book{clima2022book,
  title={Clima},
  author={Arroyo, J. I. and Marchini, T. and González, F. and Ulla, T. and Arrieta, E. and Vera, C. and Sancisi, Á. and Aneise, A. J. and Feole, M. and Gutman, M. and Peire, M. and Renner, M. and Marque, F. and Borzone, D. and Tenembaum, G. and Eggel, M. L. and Bulnes, P. and Rodríguez, B. and Garrido, J. M. and González, P. and Sendra, G. and Balian, J. C. and Kakefuku Del Solar, B.},
  year={2022},
  publisher={El gato y la caja}
}

// Economía circular

@online{ellenmacarthurfoundation2022,
  title={What is a circular economy?},
  author={Ellen MacArthur Foundation},
  url={https://www.ellenmacarthurfoundation.org/topics/circular-economy-introduction/overview},
  year={2014},
  urldate={2024-06-25}
}

@article{melendez2021economia,
  title={Econom{\'\i}a Circular: Una Revisi{\'o}n desde los Modelos de Negocios y la Responsabilidad Social Empresarial},
  author={Melendez, Jesus R and Delgado, Jorge Luis and Chero, V{\'\i}ctor and Rodr{\'\i}guez, John Franco},
  journal={Revista Venezolana de Gerencia: RVG},
  volume={26},
  number={6},
  pages={560--573},
  year={2021},
  publisher={Universidad del Zulia}
}

@article{da2022economia,
  title={La Econom{\'\i}a Circular como eje de desarrollo de los pa{\'\i}ses latinoamericanos},
  author={Da Costa Pimenta, Clayson Cosme},
  journal={Revista Econom{\'\i}a y Pol{\'\i}tica},
  number={35},
  pages={1--18},
  year={2022},
  publisher={Universidad de Cuenca}
}

@article{circular2017economia, 
  title={Econom{\'\i}a circular}, 
  author={Circular, Fundaci{\'o}n Econom{\'\i}a}, 
  journal={Apoyar el cambio hacia una econom{\'\i}a eficiente en el uso de los recursos}, 
  year={2017} 
}

@article{cerda2016economia, 
  title={Econom{\'\i}a circular}, 
  author={Cerd{\'a}, Emilio and Khalilova, Aygun}, 
  journal={Econom{\'\i}a industrial}, 
  volume={401}, 
  number={3}, 
  pages={11--20}, 
  year={2016}
}

@online{espanacircular2030,
  title={España Circular 2030: Estrategia Española de Economía Circular},
  author={Ministerio para la Transición Ecológica y el Reto Demográfico (MITECO)},
  url={https://www.miteco.gob.es/es/calidad-y-evaluacion-ambiental/temas/economia-circular/estrategia.html},
  year={2024},
  urldate={2024-06-25}
}

// International Policies 

@article{rodriguez2023modelamiento,
  title={Modelamiento de los efectos macroecon{\'o}micos de la transici{\'o}n a la econom{\'\i}a circular en Am{\'e}rica Latina: Los casos de Chile, Colombia, M{\'e}xico y el Per{\'u}},
  author={Rodr{\'\i}guez, {\'O}scar and Rudas Lleras, Guillermo and Nieves, Erika and Roa, Juli{\'a}n and Rivera, Mar{\'\i}a Paula},
  year={2023},
  publisher={CEPAL}
}

@article{gil2018objetivos,
  title={Objetivos de Desarrollo Sostenible (ODS): una revisi{\'o}n cr{\'\i}tica},
  author={Gil, Carlos G{\'o}mez},
  journal={Papeles de relaciones ecosociales y cambio global},
  number={140},
  pages={107--118},
  year={2018},
  publisher={FUHEM Ecosocial}
}

@online{onu2024ods,
  title={Objetivos de Desarrollo Sostenible},
  author={ONU},
  url={https://www.un.org/sustainabledevelopment/es/objetivos-de-desarrollo-sostenible/},
  year={2024},
  urldate={2024-06-25}
}

@article{sostenible2021argentina,
  author          = {Ministerio de Ambiente y Desarrollo Sostenible},
  title           = {Estrategia Nacional de Consumo y Producción Sostenibles},
  year            = {2021},
  url             = {https://www.argentina.gob.ar/sites/default/files/encps_1.pdf},
  urldate         = {2024-06-25}
}

@article{cepal2021economia,
  title={Econom{\'\i}a circular en Am{\'e}rica Latina y el Caribe: oportunidad para una recuperaci{\'o}n transformadora},
  author={CEPAL, NU},
  year={2021},
  publisher={CEPAL}
}

// Technologies

@inproceedings{androulaki2018hyperledger,
  title={Hyperledger fabric: a distributed operating system for permissioned blockchains},
  author={Androulaki, Elli and Barger, Artem and Bortnikov, Vita and Cachin, Christian and Christidis, Konstantinos and De Caro, Angelo and Enyeart, David and Ferris, Christopher and Laventman, Gennady and Manevich, Yacov and others},
  booktitle={Proceedings of the thirteenth EuroSys conference},
  pages={1--15},
  year={2018}
}

@article{buterin2013ethereum,
  title={Ethereum white paper},
  author={Buterin, Vitalik and others},
  journal={GitHub repository},
  volume={1},
  pages={22--23},
  year={2013}
}

@article{wood2016polkadot,
  title={Polkadot: Vision for a heterogeneous multi-chain framework},
  author={Wood, Gavin},
  journal={White paper},
  volume={21},
  number={2327},
  pages={4662},
  year={2016}
}

@article{hoskinson2017we,
  title={Why we are building Cardano},
  author={Hoskinson, Charles},
  journal={IOHK (accessed 18 December 2017) https://whycardano. com},
  year={2017}
}

@inproceedings{she2022vechain,
  title={Vechain: A renovation of supply chain management—A look into its organization, current activity, and prospect},
  author={She, Zongda},
  booktitle={Proceedings of the 2022 International Conference on Educational Informatization, E-commerce and Information System, Macao, China},
  pages={29--30},
  year={2022}
}

// Programming languages

@book{dannen2017introducing,
  title={Introducing Ethereum and solidity},
  author={Dannen, Chris},
  volume={1},
  year={2017},
  publisher={Springer}
}

@misc{chakravarty2019functional,
  title={Functional blockchain contracts},
  author={Chakravarty, Manuel and Kireev, Roman and MacKenzie, Kenneth and McHale, Vanessa and M{\"u}ller, Jann and Nemish, Alexander and Nester, Chad and Jones, Michael Peyton and Thompson, Simon and Valentine, Rebecca and others},
  year={2019},
  publisher={Technical report, IOHK}
}

// Traceability

@book{christopher2016logistics,
  title={Logistics \& Supply Chain Management},
  author={Christopher, M.},
  isbn={9781292083797},
  lccn={2015050287},
  series={Always learning},
  url={https://books.google.com.ar/books?id=vWNxjgEACAAJ},
  year={2016},
  publisher={Pearson Education}
}
@book{cepeda2010trazabilidad,
  title={Trazabilidad},
  year={2010},
  author={Cepeda, R.P.},
  url={https://books.google.com.ar/books?id=MpWU3XmQBNgC},
  publisher={Revista ReCiTeIA}
}

@article{leon2020ventajas,
  title={Ventajas del uso de sistemas de trazabilidad electr{\'o}nica en procesos de manufactura},
  author={Le{\'o}n-Duarte, Jaime A and Re-I{\~n}iguez, Blanca M and Romero-Dessens, Luis F},
  journal={Informaci{\'o}n tecnol{\'o}gica},
  volume={31},
  number={1},
  pages={237--244},
  year={2020},
  publisher={SciELO Chile}
}

@article{schuitemaker2020product,
title = {Product traceability in manufacturing: A technical review},
journal = {Procedia CIRP},
volume = {93},
pages = {700-705},
year = {2020},
note = {53rd CIRP Conference on Manufacturing Systems 2020},
issn = {2212-8271},
doi = {https://doi.org/10.1016/j.procir.2020.04.078},
url = {https://www.sciencedirect.com/science/article/pii/S2212827120306922},
author = {Reuben Schuitemaker and Xun Xu},
keywords = {Traceability, Data Matrix, Framework, Manufacturing, Microelectronics, Direct Part Marking, Industry 4.0, Smart Manufacturing},
}

@online{ibmfoodtrust2024,
  title={IBM Food Trust},
  author={IBM},
  url={https://www.ibm.com/es-es/products/supply-chain-intelligence-suite/food-trust},
  year={2024},
  urldate={2024-09-05}
}

// Vidrio

@online{prodvidrio2024verallia,
  title={Proceso de fabricación del vidrio},
  author={Verallia},
  url={https://es.verallia.com/s/proceso-de-fabricacion-del-vidrio?language=es},
  year={2024},
  urldate={2024-07-09s}
}

@online{vidriotransparente2024mendoza,
  title={Vidrio, una acción transparente},
  author={Verallia},
  url={https://ar.verallia.com/s/vidrio-une-accion-transparente?language=es_AR},
  year={2024},
  urldate={2024-07-09}
}

@article{verallia2022whitebook,
  title={Reimagining reuse for the circular economy of glass: Stakeholder Perspectives Series},
  author={Verallia},
  url={https://www.verallia.com/re-use/en/publication/contents/templates/VERALLIA_WHITE-BOOK_EN.pdf},
  urldate={2024-07-14},
  year={2022}
}

@online{closetheglassloop2020ue,
  title={Close the Glass Loop},
  author={the European Container Glass Federation},
  url={https://closetheglassloop.eu/about-us/},
  year={2020},
  urldate={2024-07-14}
}

@misc{innovar2024vidrio,
  title        = {El vidrio ya tiene su planta de reciclaje en la Argentina},
  author       = {Innovar Sustentabilidad},
  year         = {2024},
  note         = {Descripción del programa de reciclaje de vidrio a domicilio en San Isidro con la organización Reciqlo},
  url          = {https://www.innovar-sustentabilidad.com/el-vidrio-ya-tiene-su-planta-de-reciclaje-en-la-argentina/},
  urldate      = {2024-07-20}
}

@online{cordoba2024vidrio,
  author       = {{Municipalidad de Tránsito}},
  title        = {Proyecto de recolección de ridrio: "Vidrio sí, gracias!"},
  year         = {2024},
  url          = {https://www.transito.gob.ar/blog/74-proyecto-de-recoleccion-de-ridrio-vidrio-si-gracias},
  urldate      = {2024-07-20},
  note         = {Iniciativa de reciclaje de vidrio llevada a cabo en Córdoba para mejorar el manejo de residuos y fomentar la conciencia ambiental.}
}

// Plastic 

@article{liu2021plastic,
  title={Plastic credit: A consortium blockchain-based plastic recyclability system},
  author={Liu, Chao and Zhang, Xiaoshuai and Medda, Francesca},
  journal={Waste Management},
  volume={121},
  pages={42--51},
  year={2021},
  publisher={Elsevier}
}

@article{sandhiya2020investigating,
  title={Investigating the applicability of blockchain technology and ontology in plastics recycling by the adoption of ZERO plastic model},
  author={Sandhiya, R and Ramakrishna, Seeram},
  journal={Materials Circular Economy},
  volume={2},
  pages={1--12},
  year={2020},
  publisher={Springer}
}

@article{BHUBALAN2022113631,
title = {Leveraging blockchain concepts as watermarkers of plastics for sustainable waste management in progressing circular economy},
journal = {Environmental Research},
volume = {213},
pages = {113631},
year = {2022},
issn = {0013-9351},
doi = {https://doi.org/10.1016/j.envres.2022.113631},
url = {https://www.sciencedirect.com/science/article/pii/S0013935122009586},
author = {Kesaven Bhubalan and Arularasu Muthaliar Tamothran and Seng Hon Kee and Shin Ying Foong and Su Shiung Lam and Keisheni Ganeson and Sevakumaran Vigneswari and Al-Ashraf Amirul and Seeram Ramakrishna},
keywords = {Blockchain technology, Plastic circular economy, Waste management, Sustainability},
}

// Apps 

@online{circularise2024,
  author = {Circularise},
  title = {Integrations},
  year={2024},
  urldate={2024-07-20},
  url = {https://www.circularise.com/feature/integrations},
  howpublished = {Sitio web}
}

@online{circulor2024,
  author = {Circulor},
  title = {About Us},
  year = {2024},
  urldate={2024-07-20},
  url = {https://www.circulor.com/about-us},
  howpublished = {Sitio web}
}

@misc{colmena2024,
  title={Colmena},
  url={https://www.colmenaproject.io/en#services},
  note={Accedido: 2024-07-28},
  year={2024}
}

@misc{greenlypoints2024,
  title={Greenly Points},
  url={https://maipu.gob.ar/maipu-estrena-su-innovador-punto-de-ecocanje-en-el-edificio-municipal/},
  note={Accedido: 2024-07-28},
  year={2024}
}

@misc{reciclos2024,
  title={RECICLOS},
  url={https://www.ecoembes.com/es/el-proceso-del-reciclaje-de-envases/reciclos},
  note={Accedido: 2024-07-28},
  year={2024}
}

@misc{signeblock2024,
  author = {Signeblock},
  title = {Soluciones de valor para la transformación digital de las empresas},
  howpublished = {Sitio web},
  year = {2024},
  note = {Disponible en \url{https://www.signeblock.com/trazabilidad-blockchain-so-5-es}},
  publisher = {Signeblock}
}

// Methodologies

@article{alaidaros2021kanban,
  title={The state of the art of agile kanban method: challenges and opportunities},
  author={Alaidaros, Hamzah and Omar, Mazni and Romli, Rohaida},
  journal={Independent Journal of Management \& Production},
  volume={12},
  number={8},
  pages={2535--2550},
  year={2021}
}

@article{pressman2010ingeneria,
  title={Ingener{\'\i}a de software},
  author={Pressman, Roger S},
  journal={Un enfoque pr{\'a}ctico},
  volume={7},
  year={2010}
}

// Testing

